@book{cleanArchitecture,
  author         = {Robert C. Martin},
  title          = {Clean Architecture},
  year           = {2018},
  isbn           = {978-0-13-449416-6},
}

@online{MF_isHighQuilatySoftwareWorthTheCost,
    author = "Martin Fowler",
    title = "Is High Quality Software Worth the Cost?",
    url = "https://martinfowler.com/articles/is-quality-worth-cost.html",
    update = "2019-05-29"
}

@online{MF_WhatIsSA,
    author = "Martin Fowler",
    url = "https://martinfowler.com/ieeeSoftware/whoNeedsArchitect.pdf",
    update = "2022-07-23"}

@online{imt_software_wiki,
    author = "NTNU, Department of Marine Technology", 
    title = "IMT Software Wiki - LaTeX", 
    url = "https://www.ntnu.no/wiki/display/imtsoftware/LaTeX", 
    urldate = "2020-09-15"    
}

@online{portAndAdapter,
    author = "Dossier Andreas",
    title = "Hexagonal architectur", 
    url = "https://www.dossier-andreas.net/software_architecture/ports_and_adapters.html", 
    urldate = "2022-09-09"    
}


@online{ocppDocs,
    author = "OCA",
    url = "https://www.openchargealliance.org/protocols/ocpp-201/",
    update = "2022-09-12"
}